@misc{Benchmark,
    author =        "{The Computer Language Benchmarks Game}",
    title =         "C++ g++ versus Python 3 fastest programs",
    year =          "2019",
    howpublished=   {\url{https://benchmarksgame-team.pages.debian.net/benchmarksgame/fastest/gpp-python3.html}},
    URL =           "https://benchmarksgame-team.pages.debian.net/benchmarksgame/fastest/gpp-python3.html"
}

@misc{SciPy,
    author =        "Joshua Warner and Hal H. Ottesen",
    title =         "Scikit-Fuzzy: A New SciPy Toolkit for Fuzzy Logic; SciPy 2013 Presentation",
    year =          "2013",
    howpublished=   {\url{https://www.youtube.com/watch?v=qUQf1JxnTnY}},
    URL =           "https://www.youtube.com/watch?v=qUQf1JxnTnY"
}